<record xmlns='http://www.loc.gov/MARC21/slim'><leader>01514ntm a2200349Ii 4500</leader><controlfield tag='001'>991058301965606011</controlfield><controlfield tag='005'>20220506122534.0</controlfield><controlfield tag='008'>220506q15001550gw            000 0 eng d</controlfield><datafield ind1=' ' ind2=' ' tag='035'><subfield code='a'>(OCoLC)1314385694h</subfield></datafield><datafield ind1=' ' ind2=' ' tag='035'><subfield code='a'>(OCoLC)on1314385694h</subfield></datafield><datafield ind1=' ' ind2=' ' tag='040'><subfield code='a'>HRH</subfield><subfield code='b'>eng</subfield><subfield code='e'>dcrmmss</subfield><subfield code='c'>HRH</subfield></datafield><datafield ind1=' ' ind2=' ' tag='041'><subfield code='a'>ger</subfield></datafield><datafield ind1=' ' ind2=' ' tag='049'><subfield code='a'>HRHH</subfield></datafield><datafield ind1=' ' ind2='9' tag='099'><subfield code='a'>MS 3327, Container 59</subfield></datafield><datafield ind1='0' ind2='0' tag='245'><subfield code='a'>De elevatione, note with signatures of Martin Luther and Johannes Bugenhagen (1485-1558) :</subfield><subfield code='k'>manuscript.</subfield></datafield><datafield ind1=' ' ind2='0' tag='264'><subfield code='a'>Germany ;</subfield><subfield code='c'>between 1500 and 1550.</subfield></datafield><datafield ind1=' ' ind2=' ' tag='300'><subfield code='a'>1 leaf :</subfield><subfield code='b'>paper,</subfield><subfield code='c'>24 x 17 cm</subfield></datafield><datafield ind1=' ' ind2=' ' tag='336'><subfield code='a'>text</subfield><subfield code='b'>txt</subfield><subfield code='2'>rdacontent</subfield></datafield><datafield ind1=' ' ind2=' ' tag='337'><subfield code='a'>unmediated</subfield><subfield code='b'>n</subfield><subfield code='2'>rdamedia</subfield></datafield><datafield ind1=' ' ind2=' ' tag='338'><subfield code='a'>volume</subfield><subfield code='b'>nc</subfield><subfield code='2'>rdacarrier</subfield></datafield><datafield ind1=' ' ind2=' ' tag='500'><subfield code='a'>Title devised by cataloger.</subfield></datafield><datafield ind1=' ' ind2=' ' tag='506'><subfield code='a'>Unrestricted in reading room; available for classroom use in exhibit case only.</subfield></datafield><datafield ind1=' ' ind2=' ' tag='581'><subfield code='a'>Letters by Guy C. Carter (1979) and Dr. Gerhard Hammer (1979) concerning manuscript.</subfield></datafield><datafield ind1=' ' ind2=' ' tag='500'><subfield code='a'>Accompanied by a 1579 portrait of Martin Luther by J. Sadeler and engraved by Caspar Ruts.</subfield></datafield><datafield ind1=' ' ind2=' ' tag='590'><subfield code='a'>MS 3327, Container 59: William H. and Miriam Lutcher Stark Library; see De Ricci, Texas no. 11. DIDB record: 18467</subfield></datafield><datafield ind1='1' ind2=' ' tag='700'><subfield code='a'>Bugenhagen, Johann,</subfield><subfield code='d'>1485-1558,</subfield><subfield code='e'>signer.</subfield></datafield><datafield ind1='1' ind2=' ' tag='700'><subfield code='a'>Luther, Martin,</subfield><subfield code='d'>1483-1546,</subfield><subfield code='e'>signer.</subfield></datafield><datafield ind1='1' ind2=' ' tag='790'><subfield code='a'>Stark, Miriam Lutcher, 1859-1936,</subfield><subfield code='e'>former owner.</subfield></datafield><datafield ind1='1' ind2=' ' tag='790'><subfield code='a'>Stark, William Henry, 1851-1936,</subfield><subfield code='e'>former owner.</subfield></datafield><datafield ind1='2' ind2=' ' tag='791'><subfield code='a'>Medieval and Early Modern Manuscripts Collection.</subfield></datafield><datafield ind1=' ' ind2=' ' tag='752'><subfield code='a'>Germany,</subfield><subfield code='e'>producation place.</subfield></datafield><datafield ind1=' ' ind2=' ' tag='994'><subfield code='a'>C0</subfield><subfield code='b'>HRH</subfield></datafield></record>
